<?xml version="1.0" encoding="UTF-8"?><record xmlns="http://www.loc.gov/MARC21/slim" xmlns:cinclude="http://apache.org/cocoon/include/1.0" xmlns:zs="http://www.loc.gov/zing/srw/">
  <leader>00430nz  a2200145n  4500</leader>
  <controlfield tag="001">no2013023765</controlfield>
  <controlfield tag="003">DLC</controlfield>
  <controlfield tag="005">20130306141314.0</controlfield>
  <controlfield tag="008">130304n| azannaabn          |a aaa     c</controlfield>
  <datafield tag="010" ind1=" " ind2=" ">
    <subfield code="a">no2013023765</subfield>
  </datafield>
  <datafield tag="035" ind1=" " ind2=" ">
    <subfield code="a">(OCoLC)oca09418811</subfield>
  </datafield>
  <datafield tag="040" ind1=" " ind2=" ">
    <subfield code="a">TxHU</subfield>
    <subfield code="b">eng</subfield>
    <subfield code="e">rda</subfield>
    <subfield code="c">TxHU</subfield>
  </datafield>
  <datafield tag="100" ind1="1" ind2=" ">
    <subfield code="a">Donovan, Emmitt J.</subfield>
  </datafield>
  <datafield tag="400" ind1="1" ind2=" ">
    <subfield code="a">Donovan, E. J.</subfield>
    <subfield code="q">(Emmitt J.)</subfield>
  </datafield>
  <datafield tag="670" ind1=" " ind2=" ">
    <subfield code="a">Lame duck sessions of Congress, c2012:</subfield>
    <subfield code="b">t.p. (Emmitt J. Donovan) p. 1 (E.J. Donovan)</subfield>
  </datafield>
</record>